@article{ke2019multi,
	title={A multi-task U-net for segmentation with lazy labels},
	author={Ke, Rihuan and Bugeau, Aur{\'e}lie and Papadakis, Nicolas and Schuetz, Peter and Sch{\"o}nlieb, Carola-Bibiane},
	journal={arXiv preprint arXiv:1906.12177},
	year={2019}
}

@article{yosinski2015understanding,
	title={Understanding neural networks through deep visualization},
	author={Yosinski, Jason and Clune, Jeff and Nguyen, Anh and Fuchs, Thomas and Lipson, Hod},
	journal={arXiv preprint arXiv:1506.06579},
	year={2015}
}

@inproceedings{ronneberger2015u,
	title={U-net: Convolutional networks for biomedical image segmentation},
	author={Ronneberger, Olaf and Fischer, Philipp and Brox, Thomas},
	booktitle={International Conference on Medical image computing and computer-assisted intervention},
	pages={234--241},
	year={2015},
	organization={Springer}
}

@article{park2016attentive,
	title={Attentive explanations: Justifying decisions and pointing to the evidence},
	author={Park, Dong Huk and Hendricks, Lisa Anne and Akata, Zeynep and Schiele, Bernt and Darrell, Trevor and Rohrbach, Marcus},
	journal={arXiv preprint arXiv:1612.04757},
	year={2016}
}

